@misc{jvm-benchmark,
	author = {Julien Ponge},
	year = {2014},
	title = {Avoiding Benchmarking Pitfalls on the JVM},
	url = {http://www.oracle.com/technetwork/articles/java/architect-benchmarking-2266277.html}
}
